@book{10.5555/2568134,
author = {Patterson, David A. and Hennessy, John L.},
title = {Computer Organization and Design: The Hardware/Software Interface, ARM Edition},
year = {2017},
isbn = {9780128017333},
publisher = {Morgan Kaufmann Publishers Inc.},
address = {San Francisco, CA, USA},
edition = {ARM}
}